<?xml version="1.0" encoding="UTF-8"?><collection xmlns="http://www.loc.gov/MARC21/slim"><record><leader>00443nam--2200145-i-4500</leader><controlfield tag="001">000003947</controlfield><controlfield tag="002">20161230</controlfield><controlfield tag="005">20161230201025</controlfield><controlfield tag="008">060222s1000------------r-----000-0-eng-d</controlfield><datafield ind1=" " ind2=" " tag="080"><subfield code="a">621.039</subfield></datafield><datafield ind1=" " ind2=" " tag="100"><subfield code="a">Ackroyd, R.T</subfield></datafield><datafield ind1=" " ind2=" " tag="245"><subfield code="a">Variational principle of one-group diffusion theory for anisotropic and inhomogenous media</subfield></datafield><datafield ind1=" " ind2=" " tag="260"><subfield code="a">Risley, United Kingdom Atomic Energy Autho- Rity Industrial Group, 1957 8 P</subfield></datafield><datafield ind1=" " ind2=" " tag="490"><subfield code="a">209</subfield></datafield><datafield ind1=" " ind2=" " tag="852"><subfield code="a">11479</subfield></datafield></record></collection>